@Book{Six_facets,
author = {R. J. RÃ¡bago},
title = {COMMANDANT INSTRUCTION MANUAL, MAJOR SYSTEMS ACQUISITION MANUAL},
publisher = {U.S.Department of Homeland Security},
year = {2001},,
number = {5000.10B},
month = {11},
}

@Manual{ID,
title = {Systems Engineering Cases and Instructions},
key = {TISYE1-10-003},
author = {Rune Hylsberg Jacobsen and Stefan Hallerstede},
organization = {Aarhus University Department of Engineering},
edition = {2.0},
month = {01},
year = {2016},
}



