@Book{Six_facets,
author = {R. J. RÃ¡bago},
title = {MAJOR SYSTEMS ACQUISITION MANUAL},
publisher = {U.S.Department of Homeland Security},
year = {2001},
number = {5000.10B},
month = {11},
url = {https://www.uscg.mil/acquisition/newsroom/pdf/msam.pdf},
urldate = {2016-02-09},
}

@Manual{Casebook,
title = {Systems Engineering Cases and Instructions},
key = {TISYE1-10-003},
author = {Rune Hylsberg Jacobsen and Stefan Hallerstede},
organization = {Aarhus University Department of Engineering},
edition = {2.0},
month = {01},
year = {2016},
}

@Article{SINE_artikel,
author = {Rigspolitiet},
title = {CFB},
journal = {Center for Beredskabskommunikation},
year = {2013},
volume = {1},
month = {August},
url = {http://www.sikkerhedsnet.dk/media/1026/cfb_magasin_enkeltsider_2013.pdf},
urldate = {2016-02-09},
}


@online{Beredskom,
author = {Beredskabsstyrelsen},
title = {Ledelses- og kommunikationsmodul},
date = {2015-11-16},
url = {http://brs.dk/beredskab/idk/statsligt_beredskab/resursekatalog/kom/lkm/Pages/lkm.aspx},
urldate = {2016-02-09},
}

