@article{exampleArticle,
    author 	= {Radmanesh, Nasim and Burnett, Ian S.},
    title 	= {Generation of Isolated Wideband Sound Fields Using a Combined Two-stage Lasso-LS Algorithm},
    journal = {IEEE Audio, Speech, Language Process},
    volume  = {21},
    issue	= {2},
    pages   = {378-387},
    month   = {February},
    year    = {2013}
}


@book{exampleBook,
    author		= {Gen, Woon-Seng and Kuo, Sen M.},
    title		= {Embedded Signal Processing with the Micro Signal Architecture},
    volume      = {},
    series      = {},
    publisher	= {John Wiley \& Sons, Inc.},
    address		= {Hoboken, New Jersey},
    edition		= {},
    month		= {March},
    year		= {2007},
    isbn		= {978-0-471-73841-1}
}


@conference{exampleConference,
    author = {Cheer, Jordan and Elliott, Stephen J.},
    title = {A Comparison of Control Strategies for a Car Cabin Personal Audio System},
    booktitle = {Audio Engineering Society Conference: 52nd International Conference: Sound Field Control - Engineering and Perception},
    volume       = {},
    series       = {},
    pages        = {},
    organization = {},
    publisher    = {},
    month	     = {September},
    year         = {2013},
    url = {http://www.aes.org/e-lib/browse.cfm?elib=16915},
    note = {Url last visited 1992-06-92}
}


@inbook{exampleInbook,
    author       = {Gen, Woon-Seng and Kuo, Sen M.},
    title        = {Embedded Signal Processing with the Micro Signal Architecture},
    volume       = {},
    series       = {},
    chapter      = {8},
    pages        = {330-380},
    publisher    = {John Wiley \& Sons, Inc.},
    address      = {Hoboken, New Jersey},
    edition      = {},
    month        = {March},
    year         = {2007},
    isbn		 = {978-0-471-73841-1}
}


@manual{exampleManualOrDatasheet,
    author  = {STMicroelectronics},
    title = {BC547B, BC547C},
    month = {July},
    year = {2002},
    note = {Rev. 42}
}

@misc{exampleUrl,
    author = {MultiMedia LLC},
    title = {MS Windows NT Kernel Description},
    url = {http://web.archive.org/web/20080207010024/http://www.808multimedia.com/winnt/kernel.htm},
    note = {Url last visited 1992-06-92}
}

@misc{web_politiken_audiowise,
	author = {Lasse Foghsgaard},
	title = {Retningsbestemt lyd øger salget af Coca-cola},
	url = {http://politiken.dk/viden/ECE2465712/retningsbestemt-lyd-oeger-salget-af-coca-cola/},
	note = {Article from 26. nov. 2014 kl. 13:50 - Last visited 17. sep. 2015}
}

@misc{web_chromaviso_patient,
	author = {Chromaviso},
	title = {Forskning omkring udviklende patientmiljø},
	url = {http://chromaviso.com/ergonomisk-doegnrytmelys/cases/forskning-omkring-udviklende-patientmiljoe-i-fuld-gang-paa-aarhus-universitetshospital/},
	note = {Last visited 23. nov. 2015}
}

@misc{web_connectedcar_harman,
	author = {Rajus Augustine},
	title = {What role will active noise cancellation play in the coneected car?},
	url = {http://www.connectedcar-news.com/news/2015/feb/06/what-role-will-active-noise-cancellation-play-connected-car/},
	note = {ConnectedCar-news - Last visited 23. nov. 2015}
}

@misc{web_theiet_harman,
	author = {Laura Onita},
	title = {In-car personal sound zones},
	url = {http://eandt.theiet.org/news/2015/jan/soundzone-car.cfm},
	note = {E and T - Last visited 23. nov. 2015}
}

@misc{web_harman_isz,
    author = {HARMAN},
    title = {Individual Sound Zones - My Seat. My Sound},
    url = {http://harmaninnovation.com/blog/individual-sound-zones/},
    note = {HARMAN Innotvation Hub - Last visited 14. dec. 2015}
}

@misc{web_beyondcircuits_i2s,
    author = {Pete Johnson},
    title = {Tutorial 18 – I2S Receiver},
    url = {http://www.beyond-circuits.com/wordpress/tutorial/tutorial18/},
    note = {Url last visited 2015-12-09}
}

@conference{art_car_cabin_noise_2014,
	title = {Car Cabin Personal Audio: Acoustic Contrast with Limited Sound Differences},
	author = {Yanagidate, Naomichi and Cheer, Jordan and Elliott, Stephen and Toi, Takeshi},
	booktitle = {Audio Engineering Society Conference: 55th International Conference: Spatial Audio},
	month = {Aug},
	year = {2014},
	url = {http://www.aes.org/e-lib/browse.cfm?elib=17354}
}

@article{zoran2004dsp,
	title = {Prototyping embedded DSP systems - From Specification to implementation},
	author = {Zoran Salcic},
	booktitle = {In the Proc. EUSIPCO},
	month = {},
	year = {2004},
	url = {http://citeseerx.ist.psu.edu/viewdoc/download?doi=10.1.1.518.5212&rep=rep1&type=pdf}
}

@article{cai2014robust,
	title = {Robust time-domain acoustic contrast control design under uncertainties in the frequency response og the loudspeakers},
	author = {Cai, Liu, We and Yang},
	booktitle = {},
	month = {},
	year = {2014},
	url = {http://www.acoustics.asn.au/conference_proceedings/INTERNOISE2014/papers/p890.pdf}
}

@manual{adi_ext_man,
    author  = {Analog Devices,\space},
    title = {SHARC$^\text{\textregistered}$ Audio EZ-Extender$^\text{\textregistered}$ Manual},
    month = {August},
    year = {2012},
    note = {Rev. 1.1}
}

@manual{adi_214xx_hwref,
    author  = {Analog Devices,\space},
    title = {ADSP-214xx SHARC$^\text{\textregistered}$ Processor Hardware Reference},
    month = {April},
    year = {2013},
    note = {Rev. 1.1}
}

@manual{adi_214xx_progref,
    author  = {Analog Devices,\space},
    title = {SHARC$^\text{\textregistered}$ Processor Programming Reference},
    month = {April},
    year = {2013},
    note = {Rev. 2.4}
}

@manual{adi_board_man,
    author  = {Analog Devices,\space},
    title = {ADSP-21469 EZ-Board$^\text{\textregistered}$ Evaluation System Manual},
    month = {July},
    year = {2012},
    note = {Rev. 1.1}
}

@manual{adi_ad1939,
    author  = {Analog Devices,\space},
    title = {AD1939},
    year = {2013},
    note = {Rev. E}
}


@book{forprojekt,
    author		= {Johansen, Kim Lykke and Lunding, Jens Frost and Rahlff, Michael},
    title		= {Forprojekt til Bachelorprojekt: Personal Sound},
    volume      = {},
    series      = {},
    publisher	= {},
    address		= {},
    edition		= {},
    month		= {Juni},
    year		= {2015},
    isbn		= {}
}
