@book{casebook,
    author		= {Rune Hylsberg Jacobsen and Stefan Hallerstede},
    title		= {Systems Engineering Cases and Instructions},
    year		= {2016},
}


@online{taskDescription,
	author = {Soren Lauesen},
	title =  {Tasks and Support - Task Descriptions as Functional Requirement},
	year =   {2003},
}


