@online{iccs,
	author = {Center for Beredskabs-kommunikation},
	title = {ICCS og radiodispatch},
	howpublished = "\url{http://www.sikkerhedsnet.dk/om-sine/nettets-opbygning/iccs-og-radiodispatch/}",
	year =   {2016},
	note = "[Online; accessed 16-02-2016]"
}

